<?xml version="1.0" encoding="UTF-8"?><collection><record><leader>06179ntm a2200529 a 4500</leader><controlfield tag="001">005985792</controlfield><controlfield tag="003">MiAaHDL</controlfield><controlfield tag="005">20190719000000.0</controlfield><controlfield tag="006">m        d        </controlfield><controlfield tag="007">cr bn ---auaua</controlfield><controlfield tag="008">090406q14801501xx            00| ||ara d</controlfield><datafield tag="035" ind1=" " ind2=" "><subfield code="a">(MiU)005985792</subfield></datafield><datafield tag="035" ind1=" " ind2=" "><subfield code="a">sdr-miu005985792</subfield></datafield><datafield tag="040" ind1=" " ind2=" "><subfield code="a">MiU</subfield><subfield code="c">MiU</subfield><subfield code="e">amremm</subfield></datafield><datafield tag="043" ind1=" " ind2=" "><subfield code="a">n-us-mi</subfield></datafield><datafield tag="100" ind1="1" ind2=" "><subfield code="6">880-01</subfield><subfield code="a">Baghawī, al-Ḥusayn ibn Masʻūd,</subfield><subfield code="d">-1117?</subfield></datafield><datafield tag="245" ind1="1" ind2="3"><subfield code="6">880-02</subfield><subfield code="a">[al-Juzʼ al-rābiʻ min Maʻālim al-tanzīl,</subfield><subfield code="f">late 15th century?].</subfield></datafield><datafield tag="246" ind1="3" ind2=" "><subfield code="6">880-03</subfield><subfield code="a">Maʻālim al-tanzīl al-rābiʻ</subfield></datafield><datafield tag="260" ind1=" " ind2=" "><subfield code="c">[1480-1501?]</subfield></datafield><datafield tag="300" ind1=" " ind2=" "><subfield code="a">207 leaves :</subfield><subfield code="b">paper ;</subfield><subfield code="c">260 x 175 (210 x 135) mm. bound to 260 x 180 mm.</subfield></datafield><datafield tag="500" ind1=" " ind2=" "><subfield code="a">Shelfmark: Ann Arbor, University of Michigan, Special Collections Library, Isl. Ms. 456</subfield></datafield><datafield tag="500" ind1=" " ind2=" "><subfield code="a">Origin: As appears in colophon on fol.206b, copied ("wa-faragha min kitbatih [kitābatih ?]...") by Walī ibn Muṣṭafā ibn Isḥaq (Veli b. Mustafa b. İshak). Below the colophon, the date 906 [1500 or 1501] has been supplied ("تاريخه سنة ستة وتسعمائة"), perhaps by one of the glossators (compare gloss in upper margin and scribal verses in outer margin). A birth notice below the colophon ("تاريخ مولود عبدى بن ولى خليفة [؟] سنة تسع وتسعمائة") is further dated 909 [1503 or 4], likely supplied by one of the glossators. Paper, hand, etc. are consistent with a late 15th century dating.</subfield></datafield><datafield tag="500" ind1=" " ind2=" "><subfield code="a">Accompanying materials: Inventory cataloguing slip in hand of Winifred Smeaton Thomas along with several slips tipped in or bound in (see fol.40-41, fol.85-86, fol.102-103, etc.).</subfield></datafield><datafield tag="500" ind1=" " ind2=" "><subfield code="a">Former shelfmark: From inner front cover, "IL 344a" (likely supplied by Yahuda, see acquisitions slip).</subfield></datafield><datafield tag="500" ind1=" " ind2=" "><subfield code="a">Binding: Thin pasteboard covered in brown leather with red leather repairs ; once Type II binding (with flap) though only traces of fore-edge flap remain ; upper and lower covers carry large gold-stamped central mandorla (compare Déroche class. OAi6) with pendants and gold-stamped border ; board linings of marbled paper in blue, red, and white ; endpapers of marbled paper in red, blue, green, yellow, and purple ; in poor condition, though much repaired.</subfield></datafield><datafield tag="500" ind1=" " ind2=" "><subfield code="a">Support: non-European (likely Arab) laid paper with chain lines running vertically and grouped in threes ; laid lines running horizontally and spaced roughly 9 laid lines per cm. ; endpapers of heavy European laid paper, chain lines clearly visible and spaced roughly 22-27 mm. apart, bearing watermark with crown, grapes (raisin) and name "VANANT" [?].</subfield></datafield><datafield tag="500" ind1=" " ind2=" "><subfield code="a">Decoration: Sūrah headings and Qurʼānic excerpts rubricated.</subfield></datafield><datafield tag="500" ind1=" " ind2=" "><subfield code="a">Script: Naskh ; clear, neat Turkish hand in a medium line ; entirely sans serif, rounded with curvilinear descenders, effect of slight tilt to the left, some elongation of horizontal strokes, pointing in distinct dots or strokes (representing three dots in particular), point of final nūn often assimilated with bowl ; glosses in various hands.</subfield></datafield><datafield tag="500" ind1=" " ind2=" "><subfield code="a">Layout: Written in 25 ines per page ; frame-ruled (impression of ruling board evident).</subfield></datafield><datafield tag="500" ind1=" " ind2=" "><subfield code="a">Collation: 20 V (200), III+1 (207) ; quinions followed by ternion with added leaf ; seventh quire has misplaced single bifolium, correctly paginated and now inserted between fol.63b and fol.64a (Western pagination) ; catchwords present but occasionally cut off due to trimming of leaves ; pagination in pencil, Western numerals (supplied during cataloguing, referenced in description).</subfield></datafield><datafield tag="500" ind1=" " ind2=" "><subfield code="a">Colophon: "Scribal," triangular or trapezoidal, reads: "والحمد لله رب العالمين والصلوة والسلام على خير خلقه محمد واله واصحابه وعترته الطيبين الطاهرين اجمعين وفرغ من كتبته [؟] العبد الضعيف المفتقر الى رحمة الله تعالى وغفرانه ولي بن مصطفى بن اسحق غفر الله لهم ولجميع اقربائهم امين يا رب العالمين تم"</subfield></datafield><datafield tag="500" ind1=" " ind2=" "><subfield code="a">Explicit: "اخبرنا...انه قال النبي صلى الله ع م يقول ما اذن الله لشيء ما اذن لنبي حسن الصوت بالقران يجهر به اخر الكتاب"</subfield></datafield><datafield tag="500" ind1=" " ind2=" "><subfield code="a">Incipit: "سورة يس مكية بسم الله الرحمن الرحيم يس ول والقلم باخفاء النون..."</subfield></datafield><datafield tag="500" ind1=" " ind2=" "><subfield code="a">Title supplied by cataloguer.</subfield></datafield><datafield tag="500" ind1=" " ind2=" "><subfield code="a">Ms. codex.</subfield></datafield><datafield tag="520" ind1=" " ind2=" "><subfield code="a">Fourth volume of al-Baghawī's commentary on the Qur'an, from Sūrat Yā Sīn (36) to Sūrat al-Nās (114). Lengthy extratextual quotations, notes, and glosses following the text and on slips tipped in or bound in various places (see fol.40-41, fol.85-86, fol.102-103, etc.).</subfield></datafield><datafield tag="538" ind1=" " ind2=" "><subfield code="a">Mode of access: Internet.</subfield></datafield><datafield tag="541" ind1=" " ind2=" "><subfield code="a">Acquired in 1926 from the bookseller Isaac Benjamin S.E. Yahuda via purchase transacted on his behalf by Abraham Shalom Yahuda (1877-1951), his younger brother.</subfield></datafield><datafield tag="546" ind1=" " ind2=" "><subfield code="a">Arabic.</subfield></datafield><datafield tag="561" ind1=" " ind2=" "><subfield code="a">On recto of front flyleaf, ownership statement and circular seal impression (seemingly dated 1156 [1743 or 4]) in the name of Mehmet Emin Atıf ( Muḥammad Amīn ʻĀṭif / محمد امين عاطف ), statement reads "مما تشرف به العبد المذنب محمد امين عاطف غفر له" (compare statement and seal impression in Isl. Ms. 420, statements in Isl. Mss. 453 and 454) ; marginal corrections, notabilia (side-heads), and glosses throughout.</subfield></datafield><datafield tag="630" ind1="0" ind2="0"><subfield code="a">Qurʼan</subfield><subfield code="v">Commentaries</subfield><subfield code="v">Early works to 1800.</subfield></datafield><datafield tag="650" ind1=" " ind2="0"><subfield code="a">Manuscripts, Arabic</subfield><subfield code="z">Michigan</subfield><subfield code="z">Ann Arbor.</subfield></datafield><datafield tag="700" ind1="0" ind2=" "><subfield code="6">880-05</subfield><subfield code="a">Mehmet Emin Atıf,</subfield><subfield code="d">flourished 1743,</subfield><subfield code="e">former owner.</subfield></datafield><datafield tag="700" ind1="0" ind2=" "><subfield code="6">880-04</subfield><subfield code="a">Walī ibn Muṣṭafā ibn Isḥaq,</subfield><subfield code="d">flourished 15th century,</subfield><subfield code="e">scribe.</subfield></datafield><datafield tag="773" ind1="0" ind2=" "><subfield code="a">Yahuda Collection.</subfield></datafield><datafield tag="880" ind1="0" ind2=" "><subfield code="6">700-05/</subfield><subfield code="a">محمد امين عاطف,</subfield><subfield code="e">مالك سابق.</subfield></datafield><datafield tag="880" ind1="0" ind2=" "><subfield code="6">700-04/</subfield><subfield code="a">ولي بن مصطفى بن اسحق,</subfield><subfield code="e">ناسخ.</subfield></datafield><datafield tag="880" ind1="3" ind2=" "><subfield code="6">246-03/</subfield><subfield code="a">معالم التنزيل الرابع</subfield></datafield><datafield tag="880" ind1="1" ind2="2"><subfield code="6">245-02/</subfield><subfield code="a">[الجزء الرابع من معالم التنزيل,</subfield><subfield code="f">اواخر القرن 15م؟].</subfield></datafield><datafield tag="880" ind1="1" ind2=" "><subfield code="6">100-01/</subfield><subfield code="a">بغوي, الحسين بن مسعود,</subfield><subfield code="d">ت.1117?</subfield></datafield><datafield tag="CID" ind1=" " ind2=" "><subfield code="a">005985792</subfield></datafield><datafield tag="DAT" ind1="0" ind2=" "><subfield code="a">20190719102633.0</subfield><subfield code="b">20190719000000.0</subfield></datafield><datafield tag="DAT" ind1="1" ind2=" "><subfield code="a">20190719090653.0</subfield><subfield code="b">2019-07-19T16:11:11Z</subfield></datafield><datafield tag="DAT" ind1="2" ind2=" "><subfield code="a">2015-10-02T18:00:03Z</subfield></datafield><datafield tag="CAT" ind1=" " ind2=" "><subfield code="a">SDR-MIU</subfield><subfield code="d">EX LIBRIS - ALEPH</subfield><subfield code="l">prepare.pl-004-008</subfield></datafield><datafield tag="FMT" ind1=" " ind2=" "><subfield code="a">BK</subfield></datafield><datafield tag="HOL" ind1=" " ind2=" "><subfield code="0">sdr-miu005985792</subfield><subfield code="a">MiU</subfield><subfield code="b">SDR</subfield><subfield code="c">MIU</subfield><subfield code="p">mdp.39015079105543</subfield><subfield code="s">MIU</subfield><subfield code="1">005985792</subfield></datafield><datafield tag="974" ind1=" " ind2=" "><subfield code="b">MIU</subfield><subfield code="c">MIU</subfield><subfield code="d">20190719</subfield><subfield code="s">lit-dlps-dc</subfield><subfield code="u">mdp.39015079105543</subfield><subfield code="y">1501</subfield><subfield code="r">pd</subfield><subfield code="q">bib</subfield><subfield code="t">non-US bib date2 &lt; 1896</subfield></datafield></record></collection>